@article{sample2024,
  author  = {Jan Kowalski},
  title   = {Przykładowy tytuł artykułu},
  journal = {Nazwa Czasopisma},
  year    = {2024},
  volume  = {1},
  number  = {1},
  pages   = {1--10},
  doi     = {10.1234/przykladowy.doi}
}
